@BOOK{Urban,
  author =       {Stanisław Urban i Wiesław Ładoński},
  title =        {Jak napisać dobrą pracę magisterską, wydanie czwarte uzupełnione},
  publisher =    {Wydawnictwo Akademii Ekonomicznej im. Oskara Langego we Wrocławiu},
  year =         {2001},
}


@BOOK{Lindsay,
  AUTHOR =       {David Lindsay},
  TITLE =        {Dobre rady dla piszących teksty naukowe},
  PUBLISHER =    {Oficyna Wydawnicza Politechniki Wrocławskiej},
  YEAR =         {1995},
}
