@BOOK{BookMok,
  author =       {Wojciech S. Mokrzycki},
  title =        {Wprowadzenie do przetwarzania informacji wizualnej Tom II},
  publisher =    {Akademicka Oficyna Wydawnicza EXIT},
  year =         {2012},
}

