@BOOK{BookMok,
  author =       {Wojciech S. Mokrzycki},
  title =        {Wprowadzenie do przetwarzania informacji wizualnej Tom II},
  publisher =    {Akademicka Oficyna Wydawnicza EXIT},
  year =         {2012},
}

http://rab.ict.pwr.wroc.pl/~jr/cpois/wyklady/wyklad3www.pdf

@BOOK{WykRat,
  author =       {J. Ratajczaki},
  title =        {Cyfrowe przetwarzanie obrazów i sygnałów - wykład 3},
  publisher =    {Politechnika Wrocławska},
  url = {http://rab.ict.pwr.wroc.pl/~jr/cpois/wyklady/wyklad3www.pdf},
  year =         {2015},
}